<record><leader>00000cas a22000007a 4500</leader><controlfield tag="001">22539422</controlfield><controlfield tag="008">901019d19081932mauwr ne      0    0eng d</controlfield><datafield ind1=" " ind2=" " tag="010"><subfield code="a">sn 89062513 </subfield></datafield><datafield ind1=" " ind2=" " tag="040"><subfield code="a">MGN</subfield><subfield code="b">eng</subfield><subfield code="c">MGN</subfield><subfield code="d">OCLCQ</subfield></datafield><datafield ind1=" " ind2=" " tag="042"><subfield code="a">msc</subfield></datafield><datafield ind1="0" ind2="0" tag="245"><subfield code="a">Sandwich independent.</subfield></datafield><datafield ind1=" " ind2=" " tag="260"><subfield code="a">Sandwich, Mass. :</subfield><subfield code="b">Bartholomew &amp; Hall</subfield></datafield><datafield ind1=" " ind2=" " tag="300"><subfield code="a">v.</subfield></datafield><datafield ind1=" " ind2=" " tag="310"><subfield code="a">Weekly</subfield></datafield><datafield ind1="1" ind2=" " tag="362"><subfield code="a">Began July 17, 1908?</subfield></datafield><datafield ind1="0" ind2=" " tag="362"><subfield code="a">-v. 42, no. 37 (Apr. 13, 1932).</subfield></datafield><datafield ind1=" " ind2=" " tag="588"><subfield code="a">Description based on: Vol. 23, no. 9 (July 17, 1908).</subfield></datafield><datafield ind1=" " ind2=" " tag="752"><subfield code="a">United States</subfield><subfield code="b">Massachusetts</subfield><subfield code="c">Barnstable</subfield><subfield code="d">Sandwich.</subfield></datafield><datafield ind1="0" ind2="0" tag="780"><subfield code="t">Independent (Sandwich, Mass.)</subfield><subfield code="w">(DLC)sn 89062512</subfield></datafield><datafield ind1="0" ind2="0" tag="785"><subfield code="t">Cape Cod news (Sandwich, Mass. : Sandwich ed.)</subfield><subfield code="w">(DLC)sn 79003199</subfield></datafield><datafield ind1="1" ind2=" " tag="029"><subfield code="a">AU@</subfield><subfield code="b">000025851521</subfield></datafield></record>